<record><leader>00000cas a22000007a 4500</leader><controlfield tag="001">19074906</controlfield><controlfield tag="008">890127d19521967mouwr ne      0    0eng d</controlfield><datafield ind1=" " ind2=" " tag="010"><subfield code="a">sn 89066227 </subfield></datafield><datafield ind1=" " ind2=" " tag="040"><subfield code="a">MQN</subfield><subfield code="b">eng</subfield><subfield code="c">MQN</subfield><subfield code="d">OCLCQ</subfield></datafield><datafield ind1=" " ind2=" " tag="042"><subfield code="a">msc</subfield></datafield><datafield ind1="0" ind2="4" tag="245"><subfield code="a">The Parma tribune.</subfield></datafield><datafield ind1=" " ind2=" " tag="260"><subfield code="a">Parma, Mo. :</subfield><subfield code="b">Allen Black and Russell Coursey,</subfield><subfield code="c">1952-1967.</subfield></datafield><datafield ind1=" " ind2=" " tag="300"><subfield code="a">v.</subfield></datafield><datafield ind1=" " ind2=" " tag="310"><subfield code="a">Weekly</subfield></datafield><datafield ind1="0" ind2=" " tag="362"><subfield code="a">Vol. 12, no. 1 (Oct. 24, 1952)-v. 25, no. 10 (Dec. 29, 1967).</subfield></datafield><datafield ind1=" " ind2=" " tag="752"><subfield code="a">United States</subfield><subfield code="b">Missouri</subfield><subfield code="c">New Madrid</subfield><subfield code="d">Parma.</subfield></datafield><datafield ind1="0" ind2="0" tag="780"><subfield code="t">Home tribune</subfield><subfield code="w">(DLC)sn 89066226</subfield></datafield><datafield ind1="0" ind2="7" tag="785"><subfield code="t">Bernie post</subfield></datafield><datafield ind1="0" ind2="7" tag="785"><subfield code="t">Post-tribune (Parma, Mo.)</subfield><subfield code="w">(DLC)sn 89066228</subfield></datafield></record>